# see https://mirror.physik.tu-berlin.de/pub/CTAN/macros/latex/contrib/biblatex/doc/biblatex.pdf#subsection.2.1
# for all entry types

@online{tensorflowTut2022,
    shorthand = {tft22},
    author = {Google Inc.},
    title = {TensorFlow - JavaScript - Get Started},
    date = {12.07.2022},
    url = {https://www.tensorflow.org/js/tutorials},
}
